<?xml version="1.0" encoding="UTF-8"?><collection xmlns="http://www.loc.gov/MARC21/slim"><record><leader>00404nam--2200145-i-4500</leader><controlfield tag="001">000008321</controlfield><controlfield tag="002">20161230</controlfield><controlfield tag="005">20161230201027</controlfield><controlfield tag="008">060222s1000------------r-----000-0-eng-d</controlfield><datafield ind1=" " ind2=" " tag="080"><subfield code="a">621.382.3</subfield></datafield><datafield ind1=" " ind2=" " tag="100"><subfield code="a">Arciszewski, H</subfield></datafield><datafield ind1=" " ind2=" " tag="245"><subfield code="a">Mesures sur les transistors. preface de j.eldin</subfield></datafield><datafield ind1=" " ind2=" " tag="260"><subfield code="a">Paris, Editions Chiron, 1967 664 P</subfield></datafield><datafield ind1=" " ind2=" " tag="490"><subfield code="a">Collection Technique Et Scientifique Du Cnet</subfield></datafield><datafield ind1=" " ind2=" " tag="852"><subfield code="a">27840</subfield></datafield></record></collection>